<record xmlns='http://www.loc.gov/MARC21/slim'><leader>01826cgm a2200433 a 4500</leader><controlfield tag='001'>3352275</controlfield><controlfield tag='005'>20141219225043.0</controlfield><controlfield tag='007'>vf|cbahos</controlfield><controlfield tag='008'>950420s1997    xx 000 e          vleng d</controlfield><datafield ind1=' ' ind2=' ' tag='035'><subfield code='a'>(NIC)notisARE4439</subfield></datafield><datafield ind1=' ' ind2=' ' tag='035'><subfield code='a'>(OCoLC)41916401</subfield></datafield><datafield ind1=' ' ind2=' ' tag='035'><subfield code='a'>3352275</subfield></datafield><datafield ind1=' ' ind2=' ' tag='040'><subfield code='a'>NIC</subfield><subfield code='c'>NIC</subfield><subfield code='d'>NIC</subfield></datafield><datafield ind1='0' ind2='0' tag='245'><subfield code='a'>Africana Studies in Africa and the Diaspora</subfield><subfield code='h'>[videorecording] /</subfield><subfield code='c'>Africana Studies and Research Center, Cornell University.</subfield></datafield><datafield ind1=' ' ind2=' ' tag='260'><subfield code='c'>[1997]</subfield></datafield><datafield ind1=' ' ind2=' ' tag='300'><subfield code='a'>9 videocassettes :</subfield><subfield code='b'>sd., col. ;</subfield><subfield code='c'>1/2 in.</subfield></datafield><datafield ind1=' ' ind2=' ' tag='538'><subfield code='a'>VHS.</subfield></datafield><datafield ind1='0' ind2=' ' tag='511'><subfield code='a'>Presiding speaker, Robert L. Harris; keynote speaker, Ali A. Mazrui; welcomed by James Turner.</subfield></datafield><datafield ind1=' ' ind2=' ' tag='518'><subfield code='a'>Videotaped live at Sheraton Hotel, Ithaca, New York on September 19-20, 1997.</subfield></datafield><datafield ind1=' ' ind2=' ' tag='520'><subfield code='a'>Speakers present their views on Africana studies in the age of globalizaion.</subfield></datafield><datafield ind1=' ' ind2='0' tag='650'><subfield code='a'>African Americans</subfield><subfield code='x'>Study and teaching (Higher)</subfield><subfield code='v'>Congresses.</subfield></datafield><datafield ind1=' ' ind2='0' tag='650'><subfield code='a'>African diaspora</subfield><subfield code='v'>Congresses.</subfield></datafield><datafield ind1=' ' ind2='0' tag='651'><subfield code='a'>Africa</subfield><subfield code='x'>History</subfield><subfield code='v'>Congresses.</subfield></datafield><datafield ind1=' ' ind2='0' tag='650'><subfield code='a'>Blacks</subfield><subfield code='x'>History</subfield><subfield code='v'>Congresses.</subfield></datafield><datafield ind1=' ' ind2='7' tag='650'><subfield code='a'>African Americans</subfield><subfield code='x'>Study and teaching (Higher)</subfield><subfield code='2'>fast</subfield><subfield code='0'>(OCoLC)fst00799710</subfield></datafield><datafield ind1=' ' ind2='7' tag='650'><subfield code='a'>African diaspora</subfield><subfield code='2'>fast</subfield><subfield code='0'>(OCoLC)fst00799755</subfield></datafield><datafield ind1=' ' ind2='7' tag='650'><subfield code='a'>Blacks</subfield><subfield code='2'>fast</subfield><subfield code='0'>(OCoLC)fst00833880</subfield></datafield><datafield ind1=' ' ind2='7' tag='651'><subfield code='a'>Africa</subfield><subfield code='2'>fast</subfield><subfield code='0'>(OCoLC)fst01239509</subfield></datafield><datafield ind1=' ' ind2='7' tag='655'><subfield code='a'>Conference proceedings</subfield><subfield code='2'>fast</subfield><subfield code='0'>(OCoLC)fst01423772</subfield></datafield><datafield ind1=' ' ind2='7' tag='655'><subfield code='a'>History</subfield><subfield code='2'>fast</subfield><subfield code='0'>(OCoLC)fst01411628</subfield></datafield><datafield ind1='1' ind2=' ' tag='700'><subfield code='a'>Turner, James,</subfield><subfield code='d'>1940-</subfield></datafield><datafield ind1='1' ind2=' ' tag='700'><subfield code='a'>Mazrui, Ali AlʾAmin.</subfield></datafield><datafield ind1='1' ind2=' ' tag='700'><subfield code='a'>Harris, Robert L.,</subfield><subfield code='d'>1943-</subfield></datafield><datafield ind1='2' ind2=' ' tag='710'><subfield code='a'>Cornell University.</subfield><subfield code='b'>Africana Studies and Research Center.</subfield></datafield><datafield ind1='2' ind2=' ' tag='711'><subfield code='a'>Africana Studies in Africa and the Diaspora</subfield><subfield code='d'>(1997 :</subfield><subfield code='c'>Cornell University)</subfield></datafield><datafield ind1=' ' ind2=' ' tag='905'><subfield code='a'>19990421120000.0</subfield></datafield><datafield ind1='2' ind2=' ' tag='948'><subfield code='a'>20040621</subfield><subfield code='b'>a</subfield><subfield code='d'>pl233</subfield><subfield code='e'>lts</subfield></datafield><datafield ind1='2' ind2=' ' tag='948'><subfield code='a'>20110111</subfield><subfield code='b'>m</subfield><subfield code='d'>mc256</subfield><subfield code='e'>lts</subfield></datafield><datafield ind1='2' ind2=' ' tag='948'><subfield code='a'>20141219</subfield><subfield code='b'>m</subfield><subfield code='d'>batch</subfield><subfield code='e'>lts</subfield><subfield code='x'>addfast</subfield></datafield></record>